<marcxml:record xmlns:xlink="http://www.w3.org/1999/xlink" xmlns:marcxml="http://www.loc.gov/MARC21/slim" xmlns:mets="http://www.loc.gov/METS/" xmlns:mxe="http://www.loc.gov/mxe" xmlns:rdf="http://www.w3.org/1999/02/22-rdf-syntax-ns#" xmlns:rdfs="http://www.w3.org/2000/01/rdf-schema#" xmlns:skos="http://www.w3.org/2004/02/skos/core#" xmlns:madsrdf="http://www.loc.gov/mads/rdf/v1#" xmlns:ri="http://id.loc.gov/ontologies/RecordInfo#" xmlns:sem="http://marklogic.com/semantics">
  <marcxml:leader>01101cz  a2200217n  4500</marcxml:leader>
  <marcxml:controlfield tag="001">n79129331</marcxml:controlfield>
  <marcxml:controlfield tag="003">DLC</marcxml:controlfield>
  <marcxml:controlfield tag="005">20001127102316.0</marcxml:controlfield>
  <marcxml:controlfield tag="008">791217n| acannaab           |a ana      </marcxml:controlfield>
  <marcxml:datafield tag="010" ind1=" " ind2=" ">
    <marcxml:subfield code="a">n  79129331 </marcxml:subfield>
  </marcxml:datafield>
  <marcxml:datafield tag="040" ind1=" " ind2=" ">
    <marcxml:subfield code="a">DLC</marcxml:subfield>
    <marcxml:subfield code="c">DLC</marcxml:subfield>
    <marcxml:subfield code="d">DLC</marcxml:subfield>
  </marcxml:datafield>
  <marcxml:datafield tag="110" ind1="2" ind2=" ">
    <marcxml:subfield code="a">San Biagio (Church : Montepulciano, Italy)</marcxml:subfield>
  </marcxml:datafield>
  <marcxml:datafield tag="410" ind1="2" ind2=" ">
    <marcxml:subfield code="a">Tempio di San Biagio (Montepulciano, Italy)</marcxml:subfield>
  </marcxml:datafield>
  <marcxml:datafield tag="410" ind1="2" ind2=" ">
    <marcxml:subfield code="a">Chiesa di San Biagio (Montepulciano, Italy)</marcxml:subfield>
  </marcxml:datafield>
  <marcxml:datafield tag="410" ind1="2" ind2=" ">
    <marcxml:subfield code="a">Madonna di San Biagio (Church : Montepulciano, Italy)</marcxml:subfield>
  </marcxml:datafield>
  <marcxml:datafield tag="410" ind1="2" ind2=" ">
    <marcxml:subfield code="a">Tempio della Madonna di San Biagio (Montepulciano, Italy)</marcxml:subfield>
  </marcxml:datafield>
  <marcxml:datafield tag="410" ind1="2" ind2=" ">
    <marcxml:subfield code="w">nnaa</marcxml:subfield>
    <marcxml:subfield code="a">San Biagio (Church), Montepulciano, Italy</marcxml:subfield>
  </marcxml:datafield>
  <marcxml:datafield tag="670" ind1=" " ind2=" ">
    <marcxml:subfield code="a">Barcucci, E. Il Tempio di San Biagio a Montepulciano, 1979 (subj.)</marcxml:subfield>
    <marcxml:subfield code="b">t.p. (Tempio di San Biagio a Montepulciano) p. 30 (Chiesa di San Biagio)</marcxml:subfield>
  </marcxml:datafield>
  <marcxml:datafield tag="670" ind1=" " ind2=" ">
    <marcxml:subfield code="a">Enc. ital.:</marcxml:subfield>
    <marcxml:subfield code="b">v. 23 (S. Biagio; Chiesa di S. Biagio; arch. Antonio da Sangallo il Vecchio)</marcxml:subfield>
  </marcxml:datafield>
  <marcxml:datafield tag="670" ind1=" " ind2=" ">
    <marcxml:subfield code="a">Baedeker, K. Rome and Central Italy, 1930:</marcxml:subfield>
    <marcxml:subfield code="b">p. 52 (Madonna di San Biagio, church, built 1517-1537)</marcxml:subfield>
  </marcxml:datafield>
  <marcxml:datafield tag="670" ind1=" " ind2=" ">
    <marcxml:subfield code="a">Antonio da Sangallo il Vecchio e Andrea Pozzo a Montepulciano, 1999:</marcxml:subfield>
    <marcxml:subfield code="b">t.p. (Tempio della Madonna di San Biagio)</marcxml:subfield>
  </marcxml:datafield>
</marcxml:record>
